@book{bronson_dif_eq, 
    title={Schaum's Outline of Differential Equations},
    author={Richard Bronson},
    publisher={McGraw-Hill},
    year={1994},
    month={1},
    edition={2},
    isbn={9780070080195}
}

@book{courant_calculus_1, 
    title={Differential and Integral Calculus},
    volume={1},
    author={Richard Courant},
    publisher={Wiley-Interscience},
    year={1988},
    month={2},
    edition={2},
    isbn={9780471608424}
}

@unpublished{fourier_lecture,
    title={Complex Fourier Series},
    type={Lecture notes},
    url={http://www.ee.ic.ac.uk/hp/staff/dmb/courses/E1Fourier/00300_ComplexFourier.pdf}
}
